@book{sarkka:bayesian_filtering,
  author    = {Simo Särkkä},
  title     = {Bayesian Filtering and Smoothing},
  publisher = {Cambridge University Press},
  year      = {2013},
  isbn      = {9781107030657}
}


@book{triantafyllopoulos:bayesian_state_space,
  author    = {Kostas Triantafyllopoulos},
  title     = {Bayesian Inference of State Space Models: Kalman Filtering and Beyond},
  publisher = {Springer International Publishing},
  series    = {Springer Texts in Statistics},
  year      = {2021},
  isbn-ebook= {978-3-030-76124-0},
  address   = {Cham, Switzerland},
}

@misc{palomar:portfolio_optimization,
    author = {Palomar, Daniel P.},
    title = {Porfolio Optimization: Theory and Application},
    howpublished = {Cambridge University Press},
    url = {https://portfoliooptimizationbook.com/},
    year = {2025}
}